<record><leader>00000cas a2200000   4500</leader><controlfield tag="001">5759471</controlfield><controlfield tag="008">791204d197919uufluwr ne      0   a0eng d</controlfield><controlfield tag="009">467</controlfield><datafield ind1=" " ind2=" " tag="010"><subfield code="a">sn 79007737 </subfield></datafield><datafield ind1=" " ind2=" " tag="040"><subfield code="a">NSD</subfield><subfield code="b">eng</subfield><subfield code="c">NSD</subfield><subfield code="d">OCL</subfield><subfield code="d">OCLCQ</subfield></datafield><datafield ind1=" " ind2=" " tag="012"><subfield code="k">1</subfield><subfield code="m">d</subfield></datafield><datafield ind1="1" ind2=" " tag="022"><subfield code="a">0199-2961</subfield><subfield code="l">0199-2961</subfield><subfield code="2">1</subfield></datafield><datafield ind1=" " ind2=" " tag="042"><subfield code="a">nsdp</subfield></datafield><datafield ind1=" " ind2="0" tag="222"><subfield code="a">North Dade sun reporter</subfield></datafield><datafield ind1="0" ind2="0" tag="245"><subfield code="a">North Dade sun reporter.</subfield></datafield><datafield ind1="1" ind2="0" tag="246"><subfield code="a">Sun reporter</subfield></datafield><datafield ind1=" " ind2=" " tag="260"><subfield code="a">[Miami Beach, Fla.,</subfield><subfield code="b">Sun Reporter Printing and Pub. Corp.]</subfield></datafield><datafield ind1="0" ind2=" " tag="362"><subfield code="a">Nov. 14, 1979-</subfield></datafield><datafield ind1="0" ind2="0" tag="780"><subfield code="t">Suburban sun reporter</subfield><subfield code="x">0192-3587</subfield></datafield><datafield ind1="0" ind2="2" tag="785"><subfield code="t">North Miami Beach leader</subfield><subfield code="x">0273-6306</subfield></datafield><datafield ind1=" " ind2=" " tag="936"><subfield code="a">Nov. 14, 1979</subfield></datafield></record>